<?xml version="1.0" encoding="UTF-8" ?>
<collection xmlns:xsi="http://www.w3.org/2001/XMLSchema-instance"
    xsi:schemaLocation="http://www.loc.gov/MARC21/slim
        http://www.loc.gov/standards/marcxml/schema/MARC21slim.xsd"
    xmlns="http://www.loc.gov/MARC21/slim">
<record>
  <leader>00272cam a2200529 i 4500</leader>
  <controlfield tag="001">b12661983</controlfield>
  <controlfield tag="003">LeBAU</controlfield>
  <controlfield tag="005">20180705</controlfield>
  <controlfield tag="008">970918s1919    ae       b    ||0 0 ara d</controlfield>
  <datafield tag="035" ind1=" " ind2=" ">
    <subfield code="a">ocn784453190</subfield>
  </datafield>
  <datafield tag="040" ind1=" " ind2=" ">
    <subfield code="a">LEAUB</subfield>
    <subfield code="b">ara</subfield>
    <subfield code="e">rda</subfield>
    <subfield code="c">LEAUB</subfield>
    <subfield code="d">LEAUB</subfield>
  </datafield>
  <datafield tag="041" ind1="0" ind2=" ">
    <subfield code="a">ara</subfield>
    <subfield code="b">fre</subfield>
  </datafield>
  <datafield tag="082" ind1="0" ind2="4">
    <subfield code="a">297.092</subfield>
    <subfield code="2">22</subfield>
  </datafield>
  <datafield tag="100" ind1="1" ind2=" ">
    <subfield code="6">880-01</subfield>
    <subfield code="a">Ibn al-Abbār, Muḥammad ibn ʻAbd Allāh,</subfield>
    <subfield code="d">1199-1260,</subfield>
    <subfield code="e">author.</subfield>
  </datafield>
  <datafield tag="245" ind1="1" ind2="0">
    <subfield code="6">880-02</subfield>
    <subfield code="a">Kitāb al-Takmilah li-Kitāb al-ṣilah /</subfield>
    <subfield code="c">jamʻ al-faqīh al-imām al-fāḍil al-muḥaddith al-ḥāfiẓ al-nāqid al-kāmil al-kātib al-bāriʻ al-ḥāmil al-fāḍī al-jalīl al-ʻādil Abī ʻAbd Allāh Muḥammad ibn ʻAbd Allāh ibn Abī Bakr al-Faḍāʻī al-Balnasī al-maʻrūf bi-ibn al-Abbār ; ʻuniya bi-ṭabʻihi wa-taʻlīq ḥawāshihi al-shaykhān Alfrīd Bil, mudīr Madrasat Tilmisān wa-Ibn Abī Shanab, al-mudarris bi-Madrasat al-Jazā’ir.</subfield>
  </datafield>
  <datafield tag="245" ind1="1" ind2="5">
    <subfield code="a">TAKMILA-T-EṢṢILA </subfield>
  </datafield>
  <datafield tag="246" ind1="3" ind2="0">
    <subfield code="6">880-03</subfield>
    <subfield code="a">Takmilah li-Kitāb al-ṣilah</subfield>
  </datafield>
  <datafield tag="264" ind1=" " ind2="1">
    <subfield code="6">880-04</subfield>
    <subfield code="a">al-Jazāʼir :</subfield>
    <subfield code="b">al-Maṭbaʻah al-Sharafīyah,</subfield>
    <subfield code="c">1337 [H.] = 1919 [M.]</subfield>
  </datafield>
  <datafield tag="300" ind1=" " ind2=" ">
    <subfield code="6">880-05</subfield>
    <subfield code="a">466, 22 pages ;</subfield>
    <subfield code="c">23 cm</subfield>
  </datafield>
  <datafield tag="336" ind1=" " ind2=" ">
    <subfield code="a">text</subfield>
    <subfield code="b">txt</subfield>
    <subfield code="2">rdacontent</subfield>
  </datafield>
  <datafield tag="337" ind1=" " ind2=" ">
    <subfield code="a">unmediated</subfield>
    <subfield code="b">n</subfield>
    <subfield code="2">rdamedia</subfield>
  </datafield>
  <datafield tag="338" ind1=" " ind2=" ">
    <subfield code="a">volume</subfield>
    <subfield code="b">nc</subfield>
    <subfield code="2">rdacarrier</subfield>
  </datafield>
  <datafield tag="500" ind1=" " ind2=" ">
    <subfield code="a">"القسم الأول المفقود من طبعة فدارة زيدين في مجريط سنة 1886 - 1889 ومن طبعة ڤنزالش پلنسية في مجريط سنة 1915."</subfield>
  </datafield>
  <datafield tag="504" ind1=" " ind2=" ">
    <subfield code="a">يتضمن مراجع ببليوغرافية.</subfield>
  </datafield>
  <datafield tag="546" ind1=" " ind2=" ">
    <subfield code="a">النص بالعربية؛ مع مقدمة بالفرنسية.</subfield>
  </datafield>
  <datafield tag="650" ind1=" " ind2="4">
    <subfield code="a">العلماء (الاسلام)</subfield>
    <subfield code="z">اسبانيا</subfield>
    <subfield code="z">الاندلس</subfield>
    <subfield code="v">تراجم</subfield>
    <subfield code="v">اعمال قديمة حتى 1800.</subfield>
  </datafield>
  <datafield tag="650" ind1=" " ind2="4">
    <subfield code="a">المؤلفون العرب</subfield>
    <subfield code="z">اسبانيا</subfield>
    <subfield code="z">الاندلس</subfield>
    <subfield code="v">تراجم</subfield>
    <subfield code="v">اعمال قديمة حتى 1800.</subfield>
  </datafield>
  <datafield tag="650" ind1=" " ind2="0">
    <subfield code="a">Ulama</subfield>
    <subfield code="z">Spain</subfield>
    <subfield code="z">Andalusia</subfield>
    <subfield code="v">Biography</subfield>
    <subfield code="v">Early works to 1800.</subfield>
  </datafield>
  <datafield tag="650" ind1=" " ind2="0">
    <subfield code="a">Authors, Arab</subfield>
    <subfield code="z">Spain</subfield>
    <subfield code="z">Andalusia</subfield>
    <subfield code="v">Biography</subfield>
    <subfield code="v">Early works to 1800.</subfield>
  </datafield>
  <datafield tag="651" ind1=" " ind2="4">
    <subfield code="a">الاندلس (اسبانيا)</subfield>
    <subfield code="v">تراجم</subfield>
    <subfield code="v">اعمال قديمة حتى 1800.</subfield>
  </datafield>
  <datafield tag="651" ind1=" " ind2="0">
    <subfield code="a">Andalusia (Spain)</subfield>
    <subfield code="v">Biography</subfield>
    <subfield code="v">Early works to 1800.</subfield>
  </datafield>
  <datafield tag="700" ind1="1" ind2=" ">
    <subfield code="6">880-06</subfield>
    <subfield code="a">Ben Cheneb, Mohammed,</subfield>
    <subfield code="q">(Alfred),</subfield>
    <subfield code="d">1869-1929,</subfield>
    <subfield code="e">compiler.</subfield>
  </datafield>
  <datafield tag="700" ind1="1" ind2=" ">
    <subfield code="6">880-07</subfield>
    <subfield code="a">بنشنب، محمد،</subfield>
    <subfield code="d">1869-1929،</subfield>
    <subfield code="e">معد. </subfield>
    <subfield code="4">com.</subfield>
  </datafield>
  <datafield tag="780" ind1="1" ind2="0">
    <subfield code="6">880-08</subfield>
    <subfield code="i">is continuation of (work)</subfield>
    <subfield code="4">http://rdaregistry.info/Elements/w/P10226 :</subfield>
    <subfield code="a">Ibn Bashkuwāl, Khalaf ibn ʻAbd al-Malik, 1101-1183.</subfield>
    <subfield code="t">Kitāb al-ṣilah fī tārīkh aʼimmat al-Andalus wa-ʻulamāʼihim wa-muḥaddithīhim wa-fuqahāʼihim wa-udabāʼihim.</subfield>
    <subfield code="d"> al-Qāhirah : ʻIzzat al-ʻAṭṭār al-Ḥusaynī, 1374 H. = 1955 M.</subfield>
    <subfield code="w">(OCoLC)784453173</subfield>
    <subfield code="w">(OCoLC)784453173</subfield>
  </datafield>
  <datafield tag="852" ind1=" " ind2=" ">
    <subfield code="a">Jafet Library</subfield>
    <subfield code="e">American University of Beirut, Bliss Street , Beirut, Lebanon.</subfield>
  </datafield>
  <datafield tag="880" ind1="1" ind2=" ">
    <subfield code="6">100-01/(3/r</subfield>
    <subfield code="a">إبن الأبار، محمد بن عبد الله،</subfield>
    <subfield code="d">1199-1260،</subfield>
    <subfield code="e">مؤلف. </subfield>
    <subfield code="4">aut.</subfield>
  </datafield>
  <datafield tag="880" ind1="1" ind2="0">
    <subfield code="6">245-02/(3/r</subfield>
    <subfield code="a">كتاب التكملة لكتاب الصلة /</subfield>
    <subfield code="c">جمع الفقيه الإمام الفاضل المحدث الحافظ الناقد الكامل الكاتب البارع الحامل الفاضي الجليل العادل أبي عبد الله محمد بن عبد الله بن أبي بكر الفضاعي البلنسي المعروف بإبن الابار ؛ عني بطبعه وتعليق حواشيه الشيخان ألفريد بل، مدير مدرسة تلمسان وإبن أبي شنب، المدرس بمدرسة الجزائر.</subfield>
  </datafield>
  <datafield tag="880" ind1="3" ind2="0">
    <subfield code="6">246-03/(3/r</subfield>
    <subfield code="a">التكملة لكتاب الصلة</subfield>
  </datafield>
  <datafield tag="880" ind1=" " ind2="1">
    <subfield code="6">264-04/(3/r</subfield>
    <subfield code="a">الجزائر :</subfield>
    <subfield code="b">المطبعة الشرفية،</subfield>
    <subfield code="c">1337 [هـ.] = 1919 [م.]</subfield>
  </datafield>
  <datafield tag="880" ind1=" " ind2=" ">
    <subfield code="6">300-05/(3/r</subfield>
    <subfield code="a">466، 22 صفحة ؛</subfield>
    <subfield code="c">23 سم</subfield>
  </datafield>
  <datafield tag="880" ind1="1" ind2=" ">
    <subfield code="6">700-06/(3/r</subfield>
    <subfield code="a">بل، ا.</subfield>
    <subfield code="q">(ألفرد)،</subfield>
    <subfield code="d">1873-1945،</subfield>
    <subfield code="e">معد. </subfield>
    <subfield code="4">com.</subfield>
  </datafield>
  <datafield tag="880" ind1="1" ind2="0">
    <subfield code="6">780-08/(3/r</subfield>
    <subfield code="i">مكمل ل (عمل)</subfield>
    <subfield code="4">http://rdaregistry.info/Elements/w/P10226 :</subfield>
    <subfield code="a">ابن بشكوال، خلف بن عبد الملك، 1101-1183.</subfield>
    <subfield code="t">كتاب الصلة في تاريخ أئمة الأندلس وعلمائهم ومحدثيهم وفقهائهم وأدبائهم.</subfield>
    <subfield code="d">القاهرة : عزت العطار الحسيني، 1374 هـ. = 1955 م.</subfield>
    <subfield code="w">b12661831</subfield>
    <subfield code="w">(OCoLC)784453173</subfield>
  </datafield>
  <datafield tag="880" ind1="1" ind2=" ">
    <subfield code="6">700-07/(3/r</subfield>
    <subfield code="a">Bel, A.</subfield>
    <subfield code="d">1873-1945,</subfield>
    <subfield code="e">compiler.</subfield>
  </datafield>
  <datafield tag="907" ind1=" " ind2=" ">
    <subfield code="a">.b12661983</subfield>
    <subfield code="b">18-08-31</subfield>
    <subfield code="c">11-05-24</subfield>
  </datafield>
  <datafield tag="907" ind1=" " ind2=" ">
    <subfield code="a">.b12661983</subfield>
    <subfield code="b">11-10-11</subfield>
    <subfield code="c">11-05-24</subfield>
  </datafield>
  <datafield tag="945" ind1=" " ind2=" ">
    <subfield code="f">J</subfield>
    <subfield code="a">297.092:I219taaA </subfield>
    <subfield code="g">1</subfield>
    <subfield code="i">01050169</subfield>
    <subfield code="j">.i1319527x</subfield>
    <subfield code="l">u0503</subfield>
  </datafield>
  <datafield tag="998" ind1=" " ind2=" ">
    <subfield code="a">u05</subfield>
    <subfield code="b">97-09-18</subfield>
    <subfield code="c">m</subfield>
    <subfield code="d">a  </subfield>
    <subfield code="e">-</subfield>
    <subfield code="f">ara</subfield>
    <subfield code="g">ae </subfield>
    <subfield code="h">0</subfield>
    <subfield code="i">1</subfield>
  </datafield>
</record>
</collection>
